@Book{Teoria_von_neumann,
ALTauthor = {Von Neumann},
ALTeditor = {Arthur W. Burks},
title = {The Theory of Self-reproducing Automata},
publisher = {Universidad de Ilinois},
year = {1966}
}


@PhdThesis{alvy,
author = {Alvy Ray Smith III},
title = {Introduction to and Survey of Cellular Automata or Polyautomata Theory},
school = {Stanford},
year = {1976},
OPTnote = {\url{http://alvyray.com/papers/CA/PolyCA76.pdf}}
}

@PhdThesis{wolfram,
author = {Stephen Wolfram},
title = {Universality Complexity Cellular Automata},
school = {Priceton},
year = {1984}
}

